<?xml version="1.0" encoding="UTF-8"?><collection xmlns="http://www.loc.gov/MARC21/slim"><record><leader>00479nam--2200169-i-4500</leader><controlfield tag="001">000004427</controlfield><controlfield tag="002">20161230</controlfield><controlfield tag="005">20161230201025</controlfield><controlfield tag="008">060222s1000------------r-----000-0-eng-d</controlfield><datafield ind1=" " ind2=" " tag="040"><subfield code="a">IFIN-HH</subfield></datafield><datafield ind1=" " ind2=" " tag="080"><subfield code="a">621.O39.5</subfield></datafield><datafield ind1="1" ind2=" " tag="100"><subfield code="a">Chastain,Joel W</subfield></datafield><datafield ind1="1" ind2="0" tag="245"><subfield code="a">U.s. research reactor operation and use</subfield><subfield code="c">Joel w. chastain, jr</subfield></datafield><datafield ind1=" " ind2=" " tag="260"><subfield code="a">Reading/Massachusetts</subfield><subfield code="b">Addison-wesley Publising Company, Inc</subfield><subfield code="c">1958</subfield></datafield><datafield ind1=" " ind2=" " tag="300"><subfield code="a">366 P</subfield></datafield><datafield ind1=" " ind2=" " tag="852"><subfield code="a">13825</subfield><subfield code="c">H.H</subfield></datafield><datafield ind1=" " ind2=" " tag="CAT"><subfield code="a">Sys</subfield><subfield code="c">20130328</subfield><subfield code="h">112303</subfield></datafield></record></collection>